<record><leader>00000cas a22000007a 4500</leader><controlfield tag="001">30757004</controlfield><controlfield tag="008">940713d193u193uctu x ne      0    0eng d</controlfield><datafield ind1=" " ind2=" " tag="010"><subfield code="a">sn 94053141 </subfield></datafield><datafield ind1=" " ind2=" " tag="040"><subfield code="a">CNW</subfield><subfield code="b">eng</subfield><subfield code="c">CNW</subfield><subfield code="d">OCLCQ</subfield><subfield code="d">OCLCO</subfield></datafield><datafield ind1="1" ind2=" " tag="029"><subfield code="a">AU@</subfield><subfield code="b">000025873268</subfield></datafield><datafield ind1=" " ind2=" " tag="042"><subfield code="a">msc</subfield></datafield><datafield ind1=" " ind2=" " tag="043"><subfield code="a">n-us-ct</subfield></datafield><datafield ind1="0" ind2="4" tag="245"><subfield code="a">The Hill press.</subfield></datafield><datafield ind1=" " ind2=" " tag="260"><subfield code="a">Bristol, Conn. :</subfield><subfield code="b">J.E. Dunbar, Jr.</subfield></datafield><datafield ind1=" " ind2=" " tag="300"><subfield code="a">v.</subfield></datafield><datafield ind1=" " ind2=" " tag="310"><subfield code="a">Irregular</subfield></datafield><datafield ind1=" " ind2=" " tag="500"><subfield code="a">Amateur newspaper.</subfield></datafield><datafield ind1=" " ind2=" " tag="588"><subfield code="a">Description based on: Vol. 2, no. 3 (undated).</subfield></datafield><datafield ind1=" " ind2="0" tag="651"><subfield code="a">Federal Hill (Bristol, Conn.)</subfield><subfield code="v">Newspapers.</subfield></datafield><datafield ind1=" " ind2="0" tag="651"><subfield code="a">Bristol (Conn.)</subfield><subfield code="v">Newspapers.</subfield></datafield><datafield ind1=" " ind2=" " tag="752"><subfield code="a">United States</subfield><subfield code="b">Connecticut</subfield><subfield code="c">Hartford</subfield><subfield code="d">Bristol.</subfield></datafield><datafield ind1="0" ind2="0" tag="785"><subfield code="t">Federal Hill reporter</subfield><subfield code="w">(DLC)sn 94053140</subfield><subfield code="w">(OCoLC)30717160</subfield></datafield></record>